@misc{Carcassonne,
    author    = "Wikipedia",
    title     = "Pagina Wikipedia del gioco da tavolo Carcassonne",
    url       = "https://it.wikipedia.org/wiki/Carcassonne_(gioco)"
}