@misc{Prototipo,
    author    = "Mauro Pellonara",
    title     = "Prototipo navigabile dell'app mobile",
    url       = "https://mauro886267.invisionapp.com/console/share/7Z10U19EHJ/476334736"
}

@misc{GitHub,
    author    = "Mauro Pellonara",
    title     = "Repository dedicata al progetto caricata su GitHub",
    url       = "https://github.com/MauroPello/elaborato"
}

@misc{PRG,
    author    = "Stack Overflow",
    title     = "Descrizione del pattern Post/Redirect/Get",
    url       = "https://stackoverflow.com/questions/4327236/stop-browsers-asking-to-resend-form-data-on-refresh"
}

@misc{Hashing,
    author    = "Wikipedia",
    title     = "Funzione di hashing",
    url       = "https://it.wikipedia.org/wiki/Funzione_di_hash"
}

@misc{PBKDF2,
    author    = "Wikipedia",
    title     = "Funzione di derivazione della chiave PBKDF2",
    url       = "https://en.wikipedia.org/wiki/PBKDF2"
}

@misc{HashingASPNET,
    author    = "Documentazione Microsoft",
    title     = "Eseguire l'hashing delle password in ASP.NET Core",
    url       = "https://docs.microsoft.com/en-us/aspnet/core/security/data-protection/consumer-apis/password-hashing?view=aspnetcore-5.0"
}

@misc{APIKEY,
    author    = "Wikipedia",
    title     = "Uso delle API key per l'autenticazione",
    url       = "https://en.wikipedia.org/wiki/Application_programming_interface_key"
}

@misc{HTTPS,
    author    = "Cloudflare",
    title     = "Descrizione del protocollo HTTPS",
    url       = "https://www.cloudflare.com/learning/ssl/what-is-https/"
}

@misc{EFcore,
    author    = "Documentazione Microsoft",
    title     = "Descrizione della tecnologia Entity Framework Core",
    url       = "https://docs.microsoft.com/en-us/ef/core/"
}

@misc{Microsoft.EFcore,
    author    = "Documentazione Microsoft",
    title     = "Documentazione della libreria Microsoft.EntityFrameworkCore",
    url       = "https://docs.microsoft.com/en-us/dotnet/api/microsoft.entityframeworkcore?view=efcore-5.0"
}

@misc{LINQ,
    author    = "Documentazione Microsoft",
    title     = "Descrizione della sintassi LINQ",
    url       = "https://docs.microsoft.com/en-us/dotnet/csharp/programming-guide/concepts/linq/query-syntax-and-method-syntax-in-linq"
}

@misc{DTO,
    author    = "Stack Overflow",
    title     = "Documentazione della libreria Microsoft.EntityFrameworkCore",
    url       = "https://stackoverflow.com/questions/1051182/what-is-a-data-transfer-object-dto"
}

@misc{Agenda2030,
    author    = "ONU Italia",
    title     = "L'Agenda 2030 presentata direttamente dall'ONU",
    url       = "https://unric.org/it/agenda-2030/"
}

@misc{Sprechi,
    author    = "S2S Group",
    title     = "10 fatti scioccanti riguardanti l'e-waste",
    url       = "https://s2s.uk.com/news/10-shocking-facts-from-the-global-e-waste-monitor/"
}

@misc{RFC2898,
    author    = "IETF",
    title     = "Descrizione della funzione PBKDF2",
    url       = "https://datatracker.ietf.org/doc/html/rfc2898#section-5.2"
}

@misc{RFC8018,
    author    = "IETF",
    title     = "Indicazioni sul password hashing, versione aggiornata del RFC 2898",
    url       = "https://datatracker.ietf.org/doc/html/rfc8018"
}

@misc{Salt,
    author    = "Stack Exchange",
    title     = "Password hashing, l'utilizzo del Salt e le Rainbow tables",
    url       = "https://crypto.stackexchange.com/questions/35275"
}

@misc{CloudVPN,
    author    = "Documentazione Google Cloud",
    title     = "Documentazione della tecnologia HA Cloud VPN",
    url       = "https://cloud.google.com/network-connectivity/docs/how-to/choose-product#cloud-vpn"
}

@misc{Qwiklabs,
    author    = "Mauro Pellonara",
    title     = "Pagina pubblica della piattaforma Google Qwiklabs",
    url       = "https://google.qwiklabs.com/public_profiles/9e3203d3-fe41-485a-b4a5-7a3b7b331bc1"
}

@misc{VPC,
    author    = "Documentazione Google Cloud",
    title     = "Documentazione della tecnologia VPC",
    url       = "https://cloud.google.com/vpc/docs/overview"
}

@misc{SDN,
    author    = "Wikipedia",
    title     = "Il Software-defined networking",
    url       = "https://en.wikipedia.org/wiki/Software-defined_networking"
}

@misc{Cables,
    author    = "Alibaba",
    title     = "Cavi di Categoria 6A e schermatura SFTP",
    url       = "https://www.alibaba.com/showroom/cat6a-price.html"
}

@misc{3Tier,
    author    = "Altexsoft",
    title     = "Architettura a 3 tier per le web app",
    url       = "https://www.altexsoft.com/blog/engineering/web-application-architecture-how-the-web-works/"
}

@misc{Kubernetes,
    author    = "Documentazione Google Cloud",
    title     = "Documentazione della tecnologia Kubernetes",
    url       = "https://cloud.google.com/kubernetes-engine/docs"
}

@misc{DrawSQL,
    author    = "DrawSQL",
    title     = "Web app per lo sviluppo di modelli E/R",
    url       = "https://drawsql.app"
}

@misc{SQLite3,
    author    = "Wikipedia",
    title     = "Presentazione del DBMS SQLite3",
    url       = "https://en.wikipedia.org/wiki/SQLite"
}

@misc{Firewall,
    author    = "Cisco",
    title     = "Cos'Ã¨ un Firewall e come funziona",
    url       = "https://www.cisco.com/c/en/us/products/security/firewalls/what-is-a-firewall.html"
}

@misc{NET5.0,
    author    = "Documentazione Microsoft",
    title     = "Presentazione del framework NET 5.0",
    url       = "https://devblogs.microsoft.com/dotnet/announcing-net-5-0/"
}

@misc{ASP.NETCore,
    author    = "Documentazione Microsoft",
    title     = "Presentazione del web framework ASP.NET Core",
    url       = "https://devblogs.microsoft.com/aspnet/announcing-asp-net-core-in-net-5/"
}

@misc{MVC,
    author    = "Wikipedia",
    title     = "Spiegazione del pattern architetturale MVC",
    url       = "https://it.wikipedia.org/wiki/Model-view-controller"
}

@misc{API,
    author    = "Mulesoft",
    title     = "Spiegazione delle API",
    url       = "https://www.mulesoft.com/resources/api/what-is-an-api"
}